<collection xmlns="http://www.loc.gov/MARC21/slim">
<record>
  <leader>01645nam0a22002411i 450 </leader>
  <controlfield tag="001">IT\ICCU\CNCE\072585</controlfield>
  <controlfield tag="005">20130704000000.0</controlfield>
  <datafield tag="012" ind1=" " ind2=" ">
    <subfield code="a">moe- t,mi s-a- rate (C) 1533 (R)</subfield>
    <subfield code="2">fei</subfield>
  </datafield>
  <datafield tag="100" ind1=" " ind2=" ">
    <subfield code="a">20080321d1533        0itac0103    ba</subfield>
  </datafield>
  <datafield tag="101" ind1=" " ind2=" ">
    <subfield code="a">LAT</subfield>
  </datafield>
  <datafield tag="102" ind1=" " ind2=" ">
    <subfield code="a">IT</subfield>
  </datafield>
  <datafield tag="200" ind1="1" ind2=" ">
    <subfield code="a">℗Maximiliani Transyluani Caesaris a secretis ℗Epistola, de admirabili &amp; nouissima Hispanorum in orientem nauigatione, qua uarie, &amp; nulli prius accessae regiones inuentae sunt, cum ipsis etiam Moluccis insulis beatissimis, optimo aromatum genere refertis. Inauditi quoque incolarum mores exponuntur, ac multa quae Herodotus, Plinius, Solinus atque alii tradiderunt fabulosa esse arguunt. Contra, nonnulla ibidem uera, uix tamen credibilis explicant. Quibuscum historiis insularibus ambitus describit alterius hemisphaerii, unde ad nos tandem Hispani redierunt incolumes</subfield>
  </datafield>
  <datafield tag="210" ind1=" " ind2=" ">
    <subfield code="a">\Roma</subfield>
    <subfield code="c">Francesco Minizio Calvo!</subfield>
    <subfield code="e">Romae</subfield>
    <subfield code="g">in aedibus F. Minitii Calui</subfield>
    <subfield code="h">1533 mense Nouembri</subfield>
  </datafield>
  <datafield tag="215" ind1=" " ind2=" ">
    <subfield code="a">\16! c.</subfield>
    <subfield code="d">4ʻ</subfield>
  </datafield>
  <datafield tag="620" ind1=" " ind2=" ">
    <subfield code="a">IT</subfield>
    <subfield code="d">Roma</subfield>
  </datafield>
  <datafield tag="700" ind1=" " ind2="0">
    <subfield code="a">Maximilianus</subfield>
    <subfield code="c"> : Transylvanus</subfield>
    <subfield code="3">IT\ICCU\CNCA\006809</subfield>
  </datafield>
  <datafield tag="712" ind1="0" ind2="0">
    <subfield code="a">Calvo, Francesco Minizio</subfield>
    <subfield code="3">IT\ICCU\CNCT\000007</subfield>
    <subfield code="4">650</subfield>
  </datafield>
  <datafield tag="790" ind1=" " ind2="1">
    <subfield code="a">Sevenborgen,</subfield>
    <subfield code="b">Maximiliean : van</subfield>
    <subfield code="3">IT\ICCU\CNCA\020983</subfield>
    <subfield code="z">Maximilianus : Transylvanus</subfield>
  </datafield>
  <datafield tag="791" ind1="0" ind2="0">
    <subfield code="a">Calvus, Franciscus Minitius</subfield>
    <subfield code="3">IT\ICCU\CNCT\004412</subfield>
    <subfield code="z">Calvo, Francesco Minizio</subfield>
  </datafield>
  <datafield tag="801" ind1=" " ind2="3">
    <subfield code="a">IT</subfield>
    <subfield code="b">ICCU</subfield>
    <subfield code="c">20201115</subfield>
  </datafield>
  <datafield tag="899" ind1=" " ind2=" ">
    <subfield code="a">Biblioteca regionale universitaria. Messina</subfield>
    <subfield code="1">ME0050</subfield>
    <subfield code="2">PAL BM</subfield>
  </datafield>
  <datafield tag="911" ind1=" " ind2=" ">
    <subfield code="a">Sul front.</subfield>
    <subfield code="9">IT\ICCU\CNCM\000592</subfield>
  </datafield>
  <datafield tag="921" ind1=" " ind2=" ">
    <subfield code="a">IT\ICCU\CNCM\000592</subfield>
    <subfield code="b">Roma (Guerriera seduta con asta tra simboli di Roma). Nella cornice del frontespizio</subfield>
    <subfield code="c">V105</subfield>
    <subfield code="c">Z1007</subfield>
    <subfield code="f">ASTA</subfield>
    <subfield code="f">GUERRIERA</subfield>
    <subfield code="f">ROMA</subfield>
    <subfield code="g">[non prima del 1521]-1541</subfield>
  </datafield>
</record>
</collection>
